<?xml version="1.0" encoding="UTF-8"?><record xmlns="http://www.loc.gov/MARC21/slim" xmlns:cinclude="http://apache.org/cocoon/include/1.0" xmlns:zs="http://www.loc.gov/zing/srw/">
  <leader>01173cz  a2200229n  4500</leader>
  <controlfield tag="001">n  81081181 </controlfield>
  <controlfield tag="003">DLC</controlfield>
  <controlfield tag="005">20080106074842.0</controlfield>
  <controlfield tag="008">811002n| acannaabn          |a ana      </controlfield>
  <datafield tag="010" ind1=" " ind2=" ">
    <subfield code="a">n  81081181 </subfield>
  </datafield>
  <datafield tag="035" ind1=" " ind2=" ">
    <subfield code="a">(OCoLC)oca00626434</subfield>
  </datafield>
  <datafield tag="040" ind1=" " ind2=" ">
    <subfield code="a">DLC</subfield>
    <subfield code="b">eng</subfield>
    <subfield code="c">DLC</subfield>
    <subfield code="d">DLC</subfield>
    <subfield code="d">TxU</subfield>
  </datafield>
  <datafield tag="110" ind1="2" ind2=" ">
    <subfield code="a">Partido Liberal Mexicano</subfield>
  </datafield>
  <datafield tag="410" ind1="2" ind2=" ">
    <subfield code="a">PLM</subfield>
  </datafield>
  <datafield tag="410" ind1="2" ind2=" ">
    <subfield code="a">P.L.M.</subfield>
  </datafield>
  <datafield tag="410" ind1="2" ind2=" ">
    <subfield code="a">Mexican Liberal Party</subfield>
  </datafield>
  <datafield tag="410" ind1="2" ind2=" ">
    <subfield code="a">Partido Liberal (Mexico)</subfield>
  </datafield>
  <datafield tag="670" ind1=" " ind2=" ">
    <subfield code="a">Die Mexikanische Revolution, 1910-1920, 1980:</subfield>
    <subfield code="b">p. 41 (PLM)</subfield>
  </datafield>
  <datafield tag="670" ind1=" " ind2=" ">
    <subfield code="a">Land and liberty, 1977:</subfield>
    <subfield code="b">p. 39 (Mexican Liberal Party; P.L.M.)</subfield>
  </datafield>
  <datafield tag="670" ind1=" " ind2=" ">
    <subfield code="a">Ricardo Flores Magón, c1992:</subfield>
    <subfield code="b">t.p. (Partido Liberal)</subfield>
  </datafield>
  <datafield tag="670" ind1=" " ind2=" ">
    <subfield code="a">Monografías.com home page, viewed Nov. 15, 2007:</subfield>
    <subfield code="b">search, El Partido Liberal Mexicano (official convocation to join the Partido Liberal was published Aug. 30, 1900 in San Luis Potosí, Mexico by Camilo Arriaga)</subfield>
  </datafield>
  <datafield tag="670" ind1=" " ind2=" ">
    <subfield code="a">Projecto de programa y estatutos del Partido Liberal Constitucionalista, 1901:</subfield>
    <subfield code="b">p. 7 (Partido liberal) p. 13, etc. (Partido Liberal Constitucionalista; Partido Constitucionalista are official names proposed in this "Projecto", perhaps not actually used by PLM when nationally approved)</subfield>
  </datafield>
</record>